2054 3660
119 134 193 235 248
278 135 793 242 onnnronna
897 193 901 201 .
1011 81 1012 102 '

116 329 305 450 Difficilior
323 289 407 404 notris,
429 339 495 416 Appi
513 336 613 403 Claudi,
636 339 703 417 apud
727 357 775 398 rot
792 337 880 397 oratio
897 337 950 406 eii,¹

120 483 125 490 ,
209 439 289 498 quam
305 426 402 479 Romae
413 435 498 498 'nuper
510 423 576 496 apud
591 421 707 480 senatum
723 421 782 480 fuit.
822 425 903 480 Tunc
917 438 948 478 e-

23 503 32 518 ’
114 502 173 560 nim
183 503 385 562 Incedaemoniis
396 501 569 566 accusantibus
578 502 782 578 respondendum
795 518 947 560 erat:nunc

116 577 222 642 inobia
242 584 300 662 ipsis
320 581 430 642 accusati
447 582 546 649 sumne,
571 584 638 660 apud
660 603 726 660 quoe
746 583 820 642 causa
834 583 948 642 dicenda

109 661 170 722 est:
193 683 272 742 quarn
286 666 446 746 iniquitatem
460 665 614 723 conditionis
627 663 741 722 subimus
752 665 792 722 iiii
804 665 857 741 spe,
874 664 949 739 judi-

115 748 154 818 eia
165 749 255 804 animo
267 763 293 805 re
306 749 452 810 auditurum
465 748 523 812 esse,
538 747 619 820 ponta
632 746 805 811 contentione,
817 747 869 822 qod
880 765 948 822 pau·

113 827 142 884 lo
153 826 304 906 antdegisti.
345 833 403 908 Ego
421 827 499 892 certe,
516 825 578 886 etim
593 847 631 890 ee,
650 847 708 904 quae
720 832 747 886 dt
764 824 809 886 hic
822 842 897 886 antea
917 845 948 885 a·

113 909 168 984 pud
182 915 218 986 Q
228 908 375 975 Caeciiium,
394 913 422 968 δι
435 912 520 986 postea
532 913 628 968 Romae
642 911 723 985 questi
744 907 801 966 sunt
821 909 946 966 Lacedae·

115 993 210 1055 monii,
223 989 244 1073 ¹i
262 1005 287 1049 te
306 991 383 1067 paulo
396 1005 455 1048 ante
471 990 545 1050 relata
559 991 617 1052 sent,
637 1007 691 1046 non
704 987 759 1054 tibi,
780 984 822 1047 sed
834 989 883 1046 illis
899 1008 947 1048 me

112 1071 180 1160 ppod
202 1087 228 1130 te
248 1072 395 1148 respondere
419 1072 532 1131 credam.
579 1071 687 1128 Caedem
706 1069 819 1144 objicitis
837 1089 947 1136 eorum,

115 1155 161 1228 qui
173 1151 190 1210 i·
198 1153 395 1230 Philopoemene
407 1168 515 1228 praetore
526 1153 626 1211 evocati
635 1151 667 1209 ad
679 1151 780 1209 causam
793 1153 947 1216 dicendam,

113 1230 243 1292 interfecti
256 1235 320 1294 sunt.
347 1239 406 1292 Hoc
419 1251 470 1314 ego
486 1235 585 1292 crimen
603 1251 657 1290 non
671 1230 778 1291 modii
793 1231 869 1291 vobis
882 1237 946 1292 Ro·

115 1315 198 1380 mani,
216 1313 257 1374 sed
277 1335 311 1374 ne
322 1315 388 1392 apud
404 1333 451 1372 roa
462 1317 568 1391 quidem
588 1313 663 1372 nobis
675 1313 853 1389 objiciendum
868 1315 947 1374 fuisse

114 1397 221 1457 arbitror
234 1420 240 1455 :
263 1399 332 1476 Quid
345 1400 400 1454 ita?
419 1399 478 1474 quia
490 1398 516 1454 in
528 1398 611 1454 restro
622 1397 719 1454 ferdere
731 1411 795 1462 erat,
813 1409 844 1455 ut
865 1398 947 1455 mari·

115 1480 187 1538 timis
207 1477 309 1538 urbibus
329 1477 479 1536 abstinerent
499 1478 695 1538 iacednemooii.
742 1479 805 1552 Quo
823 1491 946 1554 tempore

115 1561 196 1621 ermis
210 1563 289 1638 ceptis
302 1560 385 1625 urbes,
400 1555 524 1636 inquibus¹
534 1560 655 1618 abstinere
665 1558 728 1632 jurii
739 1573 819 1624 erant,
834 1561 945 1616 notter·

116 1635 275 1717 no'impetu
293 1654 501 1718 occupaverunt:
527 1641 546 1697 sr
568 1646 603 1698 T.
615 1641 747 1716 Qrintius,
772 1640 791 1697 sr
816 1642 944 1699 exercitur

115 1726 265 1788 Romanor,
284 1725 348 1782 sicut
369 1738 441 1780 antra
460 1723 488 1778 in
501 1721 677 1796 peloponneso
695 1715 788 1786 ioiffet,
808 1719 841 1778 eb
862 1723 943 1780 nimi-

115 1823 179 1863 rum
199 1807 266 1882 cepti
286 1809 314 1864 br
336 1802 446 1882 oppreffi
465 1801 647 1880 confugiss'ent.
665 1797 726 1858 crim
740 1820 788 1860 roa
801 1801 946 1880 proculei-

116 1880 184 1952 setie,
199 1886 254 1964 qud
268 1886 323 1950 alib
344 1889 390 1945 nifi
403 1883 434 1944 ad
454 1901 501 1944 noa
512 1884 595 1944 socios
607 1883 710 1948 vestros,
721 1900 788 1960 quos
799 1899 873 1944 antea
885 1888 943 1962 Gy·

116 1969 278 2046 abeo-opem
300 1971 415 2032 ferentes,
434 1987 502 2047 quoe
526 1967 739 2028 Lacedaemonem
755 1963 893 2030 nobiseum
911 1967 944 2026 fl·

117 2053 174 2107 miii
194 2053 226 2108 de
246 2051 320 2110 cauri
339 2065 520 2130 oppugnantes
536 2051 658 2115 viderant,
680 2048 874 2130 confugerent?
894 2052 946 2108 Pro

116 2133 192 2190 vobit
202 2133 280 2210 igitur
297 2133 398 2208 justum
412 2134 536 2209 piumque
553 2129 646 2189 bellurn
659 2129 823 2206 suscepimus.
863 2133 944 2209 Quod

117 2211 182 2272 erim
201 2215 242 2271 aiii
260 2213 371 2277 iaudent.
386 2213 565 2292 reprehendere
581 2232 614 2270 rte
629 2213 817 2272 Lacedaemonii
835 2216 941 2291 quidem

117 2295 222 2370 possint,
243 2299 270 2355 dt
286 2297 330 2354 Dii
341 2315 437 2374 quaque
447 2293 491 2374 ipfi
499 2293 718 2372 comprobaverint,
736 2297 779 2374 qui
790 2295 856 2352 nobis
865 2297 941 2354 vidie·

118 2381 186 2434 riam
203 2377 341 2442 dederunre
367 2395 484 2454 quonam
508 2376 590 2432 modo
608 2394 637 2432 ea
655 2394 713 2451 quae
730 2375 785 2432 belli
805 2376 863 2452 jure
882 2377 939 2433 adia

118 2457 185 2520 sunt,
205 2457 232 2514 in
245 2453 453 2534 disceptationem
468 2458 594 2514 veniunt?
616 2475 730 2532 quorum
750 2470 838 2517 tamen
859 2457 940 2522 mari·

120 2559 166 2620 rna
178 2557 234 2616 pars
244 2537 305 2598 nihil
318 2542 426 2617 pertinet
441 2540 472 2596 ad
485 2557 542 2597 nos.
583 2539 711 2595 Nostrum
728 2539 773 2604 est,
792 2539 862 2616 quod
880 2557 941 2609 evo,-

120 2624 238 2699 cavimus
248 2640 293 2678 eos
308 2623 337 2678 ad
351 2621 453 2680 causam
467 2619 611 2690 dicendam,
628 2619 674 2696 qui
695 2619 725 2676 ad
737 2638 808 2678 arma
825 2617 941 2678 multitu·

117 2703 208 2764 dinem
228 2703 382 2766 exciverunt,
400 2703 445 2780 qui
467 2715 673 2780 expugnaverant
693 2701 822 2758 maritima
841 2701 942 2776 oppida,

119 2787 165 2862 qui
177 2784 343 2860 deripuerant,
361 2785 407 2861 qui
428 2783 524 2842 caedem
536 2783 682 2858 principum
702 2782 824 2840 fecerant.
864 2783 941 2860 Quod

120 2885 184 2924 uero
201 2865 236 2923 iili
253 2867 383 2923 venientea
396 2865 426 2921 in
442 2865 522 2922 castra
540 2863 668 2922 interfedti
685 2861 752 2928 sunt,
770 2864 883 2922 restrum
900 2867 942 2929 esi,

41 2939 45 2946 ’
120 2952 190 3004 Areu
207 2950 235 3003 bt
253 2946 387 3012 Alcibiade,
402 2947 448 3020 qui
461 2963 532 3003 nunc
544 2963 592 3018 nor
604 2943 642 3015 (st
659 2945 715 3001 Diis
732 2943 830 3020 placet)
844 2945 941 3003 eccnsa·
1011 2965 1012 3024 t

120 3027 163 3086 tis,
186 3021 243 3080 ‘non
264 3028 389 3086 nostrum.
430 3024 532 3084 Exsulea
552 3025 817 3090 lacedaemoniorum,
843 3045 899 3103 quo
916 3027 941 3083 in
1011 3027 1012 3078 i

122 3120 231 3185 numero
248 3104 265 3162 ii
278 3123 382 3184 qunque
393 3105 447 3166 duo
461 3106 572 3174 suerunt,
593 3109 621 3165 dt
633 3119 696 3166 tnnc
715 3105 851 3166 nobiscum
864 3119 941 3170 erret,
1011 3139 1012 3146 ¹

914 3191 939 3250 bt
