2054 3660
186 88 263 218 ux
288 135 452 227 muro
475 135 816 216 couuucrAE.
843 119 915 236 ¹2'57

78 261 118 322 ris
132 259 248 340 [podem
262 261 356 320 induit.
395 259 510 325 Pericula
523 261 570 317 suo
587 273 613 318 te
626 275 747 326 exterret,
760 275 791 320 ut
808 261 917 319 innoxio

78 342 160 403 fratri
173 363 219 421 per
233 343 346 402 eundem
358 358 385 402 te
396 358 506 401 maturet
520 341 669 420 perniciem.
708 341 858 421 Perfugium
871 341 918 398 fibi

80 425 219 503 nusquam
239 427 359 503 gentium
380 424 429 482 esse
452 425 496 489 ait,
514 437 544 482 ut
564 442 615 503 ego
633 443 666 481 ne
683 423 752 502 apud
771 423 916 500 tequidem

79 510 233 584 quicquam
245 505 297 582 spei
310 504 411 583 reiiquae
422 504 536 566 habeam.
574 507 804 574 circumventum,
822 503 918 568 solum,

81 589 209 665 inopem,
227 587 322 649 invidt
334 589 423 666 gratia
438 600 558 650 externae,
576 604 635 665 quae
646 585 716 646 obest
728 587 822 662 potius,
836 603 917 662 quam

80 671 202 746 prodest,
218 685 317 746 onerat.
354 671 414 748 Jam
433 669 493 727 iilud
505 666 586 746 quaint
604 665 767 732 accusatorid,
785 665 855 744 quod
868 685 917 746 ¹¹⁰?

83 752 138 808 &is
155 751 238 826 hujus
249 752 348 810 crimen
366 749 471 808 miscuit
482 769 546 810 cum
565 749 655 808 catera
672 749 837 808 insectatione
856 749 917 806 ritae

83 837 180 890 meae?
199 837 238 890 Ut
253 837 281 892 δι
296 833 358 899 hoc,
376 832 525 909 quodiam,
543 831 617 908 quale
633 832 673 896 stt,
685 831 759 896 scies,
769 830 917 906 suspectum

82 913 137 970 aiio
152 916 214 972 vitae
228 917 321 974 nostrae
332 928 421 974 tenore
434 913 536 986 faceret,
555 917 583 972 δι
595 911 664 972 illam
684 931 777 972 vanam
796 912 917 970 crimina·

83 987 190 1052 tionem
204 993 265 1070 spei,
285 993 433 1060 voluntarie,
451 993 617 1052 confiliorum
634 1012 767 1058 meorum,
786 994 919 1050 nodiurtto

83 1075 142 1140 troc
162 1075 229 1134 ficto
248 1079 276 1134 δι
296 1076 444 1152 composito
463 1089 619 1154 argumento
634 1073 743 1133 fulciret.
783 1071 866 1132 simui
887 1077 917 1134 ὃ(

83 1155 149 1213 iiiud
168 1156 294 1233 quaesiuit,
322 1171 352 1215 ut
367 1157 497 1234 repentina
513 1161 540 1217 ἃ
559 1153 671 1216 minime
688 1168 919 1234 praeparataaccu·

85 1235 156 1294 srtio
169 1238 306 1303 videretur,
323 1238 418 1315 quippe
430 1256 462 1296 ex
476 1238 562 1296 nodiis
578 1236 657 1314 hujus
676 1253 749 1296 metu
761 1242 788 1298 δι
801 1237 917 1296 tumultu
1010 1219 1013 1244 ⁴

85 1320 227 1398 repentino
245 1333 345 1380 exorta.
381 1321 505 1396 oportuit
520 1332 619 1383 autem,
645 1319 742 1384 Perseu,
761 1319 781 1378 sr
802 1320 918 1394 proditor

84 1419 140 1478 ego
153 1403 232 1475 patris
243 1403 368 1479 regnique
379 1419 459 1465 mam,
476 1400 495 1456 sr
510 1417 572 1456 eum
585 1401 723 1464 Romanis,
743 1399 763 1456 sr
783 1419 845 1457 cum
863 1399 917 1459 aiiis

85 1481 205 1540 inimicis
219 1486 298 1556 patris
309 1484 416 1556 inieram
432 1479 543 1544 confilia,
562 1497 616 1537 oon
632 1481 793 1556 expeditum
805 1479 918 1538 fabulam

1 1625 2 1630 η
87 1563 178 1620 uooiis
200 1561 279 1638 hujus
299 1563 358 1628 eise,
379 1562 420 1620 scd
438 1561 589 1639 proditionis
601 1581 667 1620 meae
684 1557 743 1620 anti
758 1580 802 1619 me
814 1561 917 1620 accusa·

2 1668 3 1681 ¹
84 1658 175 1720 pum:
204 1644 280 1702 srilia
295 1644 405 1722 separata
421 1643 453 1700 ab
474 1643 522 1702 irae
543 1661 608 1702 rana
624 1643 749 1702 accusatio
767 1657 829 1708 erat,
848 1641 916 1700 invi.-

0 1782 1 1808 ,
87 1725 214 1802 diamque
230 1738 302 1784 tuam
321 1725 436 1784 adversus
451 1743 495 1782 me
508 1726 591 1803 magis
604 1725 684 1802 quim
703 1725 802 1782 crimen
824 1744 917 1784 meum

1 1845 2 1862 2
87 1805 240 1871 iudicatura,
259 1807 337 1866 bodio
351 1825 456 1884 quoque
467 1824 524 1864 earu
539 1819 584 1864 aut
594 1805 762 1882 praetermitti,
783 1821 826 1864 rut
844 1807 871 1864 iu
890 1827 918 1866 r·

85 1885 141 1952 liud
153 1902 270 1965 ¹tempus
292 1888 407 1948 differri:
428 1903 456 1947 ut
476 1885 665 1966 perspiceretur,
683 1901 772 1946 utrum
794 1886 918 1964 egotibi,

86 1989 123 2042 an
147 1983 177 2028 tu
197 1970 265 2038 mihi
282 1989 354 2031 noro
371 1969 475 2054 quidem
492 1975 518 2032 δι
535 1967 651 2054 singulari
665 1987 756 2048 genere
776 1969 838 2032 odii,
857 1967 918 2030 iusi-

85 2052 145 2112 dias
160 2049 267 2114 fecisses.
306 2059 366 2136 Ego
387 2071 486 2120 tamen,
503 2067 631 2132 quantum
651 2051 679 2112 in
698 2053 747 2113 hac
766 2049 919 2130 subripere

86 2135 238 2208 turbatione
256 2149 357 2214 potero,
378 2136 497 2214 separabo
514 2155 551 2202 ea,
578 2151 683 2212 quartu
704 2135 860 2196 confudisti:
891 2140 920 2197 tt

87 2217 178 2274 modiis
191 2216 270 2292 hujus
285 2219 393 2282 infidias,
411 2231 455 2276 aut
466 2233 521 2280 tuas
536 2232 580 2276 aut
593 2236 672 2283 meas,
690 2218 821 2298 detegam.
861 2223 917 2278 Oc·

90 2297 194 2356 ridendi
211 2297 249 2356 sui
270 2300 405 2358 confilium
424 2317 468 2356 me
480 2298 569 2362 iniisse,
585 2300 663 2357 videri
678 2298 755 2358 ruit:
773 2315 804 2358 ut
815 2297 918 2367 scilicet,

88 2379 194 2454 majore
209 2379 286 2438 fratre
298 2379 404 2445 subiato,
422 2381 496 2456 cujus
509 2381 566 2456 jure
579 2380 710 2457 gentium,
728 2382 917 2449 Macedonum,

88 2473 141 2518 tuo
157 2460 236 2518 etiam
250 2463 298 2534 (ut
311 2463 365 2535 ait)
376 2462 474 2538 judicio
486 2479 597 2540 reguum
609 2461 646 2518 est
660 2461 789 2528 futurum,
801 2481 853 2544 ego
864 2463 918 2520 mi·
929 2499 933 2507 .

90 2557 142 2598 nor
153 2540 181 2598 in
195 2541 261 2617 ejus,
278 2563 359 2622 quem
375 2538 531 2608 occidiilim,
545 2537 705 2602 succederem
723 2543 822 2605 iocum.
847 2545 918 2624 Quid

90 2639 156 2700 crgo
173 2621 213 2680 iiia
233 2623 278 2682 fibi
301 2624 353 2684 vult
373 2643 430 2702 part
450 2624 525 2684 altera
538 2624 670 2691 orationis,
688 2625 740 2704 qud
753 2623 916 2686 Romanor&

91 2720 138 2762 me
158 2701 242 2762 cultos
262 2705 306 2771 ait,
324 2721 400 2784 atque
420 2725 510 2766 eorum
527 2706 619 2766 fiducia
636 2707 663 2764 in
685 2708 756 2784 spem
776 2709 850 2788 regni
871 2726 917 2766 mo

92 2784 206 2842 rediise?
229 2787 302 2844 Nam
320 2788 340 2846 st
360 2795 388 2850 ὃς
405 2790 432 2847 iu
455 2789 582 2848 Romania
599 2802 702 2848 tantum
723 2791 852 2850 momenti
867 2789 917 2866 eise

92 2865 239 2932 credebam,
257 2882 295 2933 ur,
314 2887 393 2946 quem
408 2867 506 2942 reient,
523 2867 686 2948 imponerent
701 2872 860 2930 Macedoniae
874 2891 918 2944 re,-
937 2893 941 2898 ’

92 2964 168 3026 gem,
186 2949 215 3009 ὃς
233 2965 412 3010 meaerantum
428 2951 496 3031 apud
512 2969 557 3008 eos
569 2950 656 3028 gratiae
667 2951 837 3020 confidebam,
853 2954 916 3032 quid

93 3045 160 3104 opus
174 3030 311 3103 parricidio
323 3027 389 3091 fuit?
409 3035 450 3090 An
463 3044 492 3090 ut
504 3049 639 3109 cruentum
652 3033 763 3096 fraterni¹
778 3035 846 3094 caede
863 3036 917 3094 dia·

93 3109 171 3170 derna
191 3118 331 3196 gererem
351 3127 380 3174 ut
396 3114 443 3174 iliis
465 3113 534 3194 ipfis,
547 3113 626 3204 ¹apud¹
644 3113 711 3198 quor
730 3132 773 3178 aut
793 3119 852 3178 reri
872 3129 917 3260 aug
964 3161 971 3170 .

846 3203 897 3260 cert
