<?xml version="1.0" encoding="UTF-8"?>
<!DOCTYPE html PUBLIC "-//W3C//DTD XHTML 1.0 Transitional//EN"
    "http://www.w3.org/TR/xhtml1/DTD/xhtml1-transitional.dtd">
<html xmlns="http://www.w3.org/1999/xhtml" xml:lang="en" lang="en">
 <head>
  <title>
</title>
<meta http-equiv="Content-Type" content="text/html;charset=utf-8" />
  <meta name='ocr-system' content='tesseract 3.04.00' />
  <meta name='ocr-capabilities' content='ocr_page ocr_carea ocr_par ocr_line ocrx_word'/>
</head>
<body>
  <div class='ocr_page' id='page_1' title='image "./concionesetorat00veragoog_0072.png"; bbox 0 0 2116 3640; ppageno 0'>
   <div class='ocr_carea' id='block_1_1' title="bbox 170 217 894 312">
    <p class='ocr_par' dir='ltr' id='par_1_1' title="bbox 170 217 894 312">
     <span class='ocr_line' id='line_1_1' title="bbox 170 217 894 312; baseline -0.006 -18"><span class='ocrx_word' id='word_1_1' title='bbox 170 218 244 304; x_wconf 80' lang='lat' dir='ltr'>EX</span> <span class='ocrx_word' id='word_1_2' title='bbox 269 219 429 297; x_wconf 87' lang='lat' dir='ltr'>LIVIO</span> <span class='ocrx_word' id='word_1_3' title='bbox 456 217 796 295; x_wconf 78' lang='lat' dir='ltr'><strong>COLLECT&#39;AE.</strong></span> <span class='ocrx_word' id='word_1_4' title='bbox 843 223 894 312; x_wconf 60' lang='grc' dir='ltr'>ὅς·</span> 
     </span>
    </p>
   </div>
   <div class='ocr_carea' id='block_1_2' title="bbox 73 335 902 1229">
    <p class='ocr_par' dir='ltr' id='par_1_2' title="bbox 73 335 902 1229">
     <span class='ocr_line' id='line_1_2' title="bbox 74 335 900 418; baseline -0.01 -18"><span class='ocrx_word' id='word_1_5' title='bbox 74 339 197 400; x_wconf 83' lang='lat' dir='ltr'>tendoex</span> <span class='ocrx_word' id='word_1_6' title='bbox 204 339 284 416; x_wconf 79' lang='lat' dir='ltr'>plebe,</span> <span class='ocrx_word' id='word_1_7' title='bbox 291 342 476 418; x_wconf 80' lang='lat' dir='ltr'>neque&#39;vessrae</span> <span class='ocrx_word' id='word_1_8' title='bbox 484 339 546 398; x_wconf 81' lang='lat' dir='ltr'>filiae</span> <span class='ocrx_word' id='word_1_9' title='bbox 557 339 785 416; x_wconf 77' lang='lat' dir='ltr'>sororesqueetiam</span> <span class='ocrx_word' id='word_1_10' title='bbox 791 335 900 394; x_wconf 76' lang='lat' dir='ltr'>enubere</span> 
     </span>
     <span class='ocr_line' id='line_1_3' title="bbox 74 417 899 499; baseline -0.008 -19"><span class='ocrx_word' id='word_1_11' title='bbox 74 421 184 480; x_wconf 79' lang='lat' dir='ltr'>fluendo</span> <span class='ocrx_word' id='word_1_12' title='bbox 195 421 212 479; x_wconf 80' lang='grc' dir='ltr'>ὀ</span> <span class='ocrx_word' id='word_1_13' title='bbox 224 422 354 499; x_wconf 84' lang='lat' dir='ltr'>patribus?</span> <span class='ocrx_word' id='word_1_14' title='bbox 375 425 467 480; x_wconf 90' lang='lat' dir='ltr'>Nemo</span> <span class='ocrx_word' id='word_1_15' title='bbox 484 420 596 497; x_wconf 85' lang='lat' dir='ltr'>plebeius</span> <span class='ocrx_word' id='word_1_16' title='bbox 615 422 726 498; x_wconf 75' lang='lat' dir='ltr'>patricia</span> <span class='ocrx_word' id='word_1_17' title='bbox 738 421 792 476; x_wconf 88' lang='lat' dir='ltr'>vim</span> <span class='ocrx_word' id='word_1_18' title='bbox 806 417 899 494; x_wconf 86' lang='lat' dir='ltr'>virgini</span> 
     </span>
     <span class='ocr_line' id='line_1_4' title="bbox 74 501 901 579; baseline -0.007 -19"><span class='ocrx_word' id='word_1_19' title='bbox 74 502 204 562; x_wconf 68' lang='lat' dir='ltr'>erfone:</span> <span class='ocrx_word' id='word_1_20' title='bbox 223 505 388 579; x_wconf 85' lang='lat' dir='ltr'>patriciorum</span> <span class='ocrx_word' id='word_1_21' title='bbox 403 504 448 560; x_wconf 86' lang='lat' dir='ltr'>issa</span> <span class='ocrx_word' id='word_1_22' title='bbox 459 501 535 560; x_wconf 80' lang='lat' dir='ltr'>libido</span> <span class='ocrx_word' id='word_1_23' title='bbox 550 505 586 562; x_wconf 87' lang='lat' dir='ltr'>est</span> <span class='ocrx_word' id='word_1_24' title='bbox 601 523 609 560; x_wconf 75' lang='lat' dir='ltr'>a</span> <span class='ocrx_word' id='word_1_25' title='bbox 625 521 706 562; x_wconf 89' lang='lat' dir='ltr'>nemo</span> <span class='ocrx_word' id='word_1_26' title='bbox 725 501 837 558; x_wconf 85' lang='lat' dir='ltr'>inritum</span> <span class='ocrx_word' id='word_1_27' title='bbox 855 515 901 574; x_wconf 85' lang='lat' dir='ltr'>pa·</span> 
     </span>
     <span class='ocr_line' id='line_1_5' title="bbox 74 583 899 662; baseline -0.006 -22"><span class='ocrx_word' id='word_1_28' title='bbox 74 585 195 642; x_wconf 75' lang='lat' dir='ltr'>erronem</span> <span class='ocrx_word' id='word_1_29' title='bbox 210 585 350 660; x_wconf 81' lang='lat' dir='ltr'>nuptialem</span> <span class='ocrx_word' id='word_1_30' title='bbox 365 602 512 660; x_wconf 75' lang='lat' dir='ltr'>quenquam</span> <span class='ocrx_word' id='word_1_31' title='bbox 529 583 612 642; x_wconf 86' lang='lat' dir='ltr'>facere</span> <span class='ocrx_word' id='word_1_32' title='bbox 630 583 759 662; x_wconf 78' lang='lat' dir='ltr'>coegiffet.</span> <span class='ocrx_word' id='word_1_33' title='bbox 799 587 899 660; x_wconf 76' lang='lat' dir='ltr'>Verum</span> 
     </span>
     <span class='ocr_line' id='line_1_6' title="bbox 74 661 899 744; baseline -0.002 -22"><span class='ocrx_word' id='word_1_34' title='bbox 74 666 214 723; x_wconf 76' lang='lat' dir='ltr'>enimuero</span> <span class='ocrx_word' id='word_1_35' title='bbox 234 665 288 744; x_wconf 83' lang='lat' dir='ltr'>lege</span> <span class='ocrx_word' id='word_1_36' title='bbox 307 665 332 722; x_wconf 88' lang='lat' dir='ltr'>id</span> <span class='ocrx_word' id='word_1_37' title='bbox 351 665 489 742; x_wconf 86' lang='lat' dir='ltr'>prohiberi,</span> <span class='ocrx_word' id='word_1_38' title='bbox 506 669 533 724; x_wconf 77' lang='lat' dir='ltr'>bt</span> <span class='ocrx_word' id='word_1_39' title='bbox 546 662 712 723; x_wconf 80' lang='lat' dir='ltr'>connubium</span> <span class='ocrx_word' id='word_1_40' title='bbox 723 661 778 724; x_wconf 84' lang='lat' dir='ltr'>tolli</span> <span class='ocrx_word' id='word_1_41' title='bbox 795 675 899 739; x_wconf 82' lang='lat' dir='ltr'>patrum</span> 
     </span>
     <span class='ocr_line' id='line_1_7' title="bbox 73 744 901 824; baseline -0.002 -20"><span class='ocrx_word' id='word_1_42' title='bbox 73 763 105 804; x_wconf 86' lang='lat' dir='ltr'>ac</span> <span class='ocrx_word' id='word_1_43' title='bbox 115 747 206 824; x_wconf 81' lang='lat' dir='ltr'>piebis,</span> <span class='ocrx_word' id='word_1_44' title='bbox 217 747 250 804; x_wconf 82' lang='lat' dir='ltr'>id</span> <span class='ocrx_word' id='word_1_45' title='bbox 265 749 373 804; x_wconf 86' lang='lat' dir='ltr'>demum</span> <span class='ocrx_word' id='word_1_46' title='bbox 388 744 606 805; x_wconf 85' lang='lat' dir='ltr'>contumeliosum</span> <span class='ocrx_word' id='word_1_47' title='bbox 627 745 694 824; x_wconf 85' lang='lat' dir='ltr'>plebi</span> <span class='ocrx_word' id='word_1_48' title='bbox 711 749 758 804; x_wconf 74' lang='lat' dir='ltr'>est,</span> <span class='ocrx_word' id='word_1_49' title='bbox 798 747 852 802; x_wconf 89' lang='lat' dir='ltr'>Cur</span> <span class='ocrx_word' id='word_1_50' title='bbox 873 760 901 802; x_wconf 67' lang='lat' dir='ltr'>er</span> 
     </span>
     <span class='ocr_line' id='line_1_8' title="bbox 75 825 898 902; baseline -0.005 -16"><span class='ocrx_word' id='word_1_51' title='bbox 75 829 140 886; x_wconf 48' lang='lat' dir='ltr'>uim,</span> <span class='ocrx_word' id='word_1_52' title='bbox 154 847 210 885; x_wconf 90' lang='lat' dir='ltr'>non</span> <span class='ocrx_word' id='word_1_53' title='bbox 229 827 359 891; x_wconf 81' lang='lat' dir='ltr'>confertis,</span> <span class='ocrx_word' id='word_1_54' title='bbox 378 845 411 884; x_wconf 90' lang='lat' dir='ltr'>ne</span> <span class='ocrx_word' id='word_1_55' title='bbox 428 829 459 885; x_wconf 90' lang='lat' dir='ltr'>srr</span> <span class='ocrx_word' id='word_1_56' title='bbox 480 825 640 886; x_wconf 85' lang='lat' dir='ltr'>connubium</span> <span class='ocrx_word' id='word_1_57' title='bbox 658 827 778 886; x_wconf 81' lang='lat' dir='ltr'>divitibus</span> <span class='ocrx_word' id='word_1_58' title='bbox 792 845 823 884; x_wconf 85' lang='lat' dir='ltr'>ac</span> <span class='ocrx_word' id='word_1_59' title='bbox 835 842 898 902; x_wconf 87' lang='lat' dir='ltr'>pau·</span> 
     </span>
     <span class='ocr_line' id='line_1_9' title="bbox 73 906 902 986; baseline -0.005 -19"><span class='ocrx_word' id='word_1_60' title='bbox 73 909 200 986; x_wconf 76' lang='lat' dir='ltr'>peribus?</span> <span class='ocrx_word' id='word_1_61' title='bbox 225 909 303 986; x_wconf 80' lang='lat' dir='ltr'>Quod</span> <span class='ocrx_word' id='word_1_62' title='bbox 323 909 483 986; x_wconf 82' lang='lat' dir='ltr'>privatorum</span> <span class='ocrx_word' id='word_1_63' title='bbox 503 907 668 983; x_wconf 76' lang='lat' dir='ltr'>confiliorunr</span> <span class='ocrx_word' id='word_1_64' title='bbox 690 909 784 986; x_wconf 85' lang='lat' dir='ltr'>ubique</span> <span class='ocrx_word' id='word_1_65' title='bbox 801 906 902 980; x_wconf 78' lang='lat' dir='ltr'>semper</span> 
     </span>
     <span class='ocr_line' id='line_1_10' title="bbox 76 988 902 1066; baseline -0.006 -18"><span class='ocrx_word' id='word_1_66' title='bbox 76 988 137 1055; x_wconf 80' lang='lat' dir='ltr'>fuit,</span> <span class='ocrx_word' id='word_1_67' title='bbox 160 1005 201 1054; x_wconf 92' lang='lat' dir='ltr'>ut,</span> <span class='ocrx_word' id='word_1_68' title='bbox 219 990 247 1046; x_wconf 87' lang='lat' dir='ltr'>in</span> <span class='ocrx_word' id='word_1_69' title='bbox 268 1007 451 1066; x_wconf 86' lang='lat' dir='ltr'>quamcunque</span> <span class='ocrx_word' id='word_1_70' title='bbox 472 988 585 1046; x_wconf 84' lang='lat' dir='ltr'>foemina</span> <span class='ocrx_word' id='word_1_71' title='bbox 602 990 760 1048; x_wconf 71' lang='lat' dir='ltr'>convenisset</span> <span class='ocrx_word' id='word_1_72' title='bbox 778 989 902 1052; x_wconf 87' lang='lat' dir='ltr'>domum,</span> 
     </span>
     <span class='ocr_line' id='line_1_11' title="bbox 75 1070 899 1150; baseline -0.002 -20"><span class='ocrx_word' id='word_1_73' title='bbox 75 1071 198 1130; x_wconf 84' lang='lat' dir='ltr'>nuberet:</span> <span class='ocrx_word' id='word_1_74' title='bbox 218 1089 250 1128; x_wconf 82' lang='lat' dir='ltr'>ex</span> <span class='ocrx_word' id='word_1_75' title='bbox 261 1071 313 1150; x_wconf 73' lang='lat' dir='ltr'>qui</span> <span class='ocrx_word' id='word_1_76' title='bbox 324 1071 416 1145; x_wconf 68' lang='lat' dir='ltr'>patius</span> <span class='ocrx_word' id='word_1_77' title='bbox 428 1070 489 1128; x_wconf 75' lang='lat' dir='ltr'>esset</span> <span class='ocrx_word' id='word_1_78' title='bbox 502 1071 541 1132; x_wconf 85' lang='lat' dir='ltr'>vir</span> <span class='ocrx_word' id='word_1_79' title='bbox 553 1071 644 1134; x_wconf 89' lang='lat' dir='ltr'>domo,</span> <span class='ocrx_word' id='word_1_80' title='bbox 657 1071 685 1128; x_wconf 88' lang='lat' dir='ltr'>in</span> <span class='ocrx_word' id='word_1_81' title='bbox 694 1070 899 1128; x_wconf 74' lang='lat' dir='ltr'>matrimonium</span> 
     </span>
     <span class='ocr_line' id='line_1_12' title="bbox 75 1149 901 1229; baseline -0.006 -18"><span class='ocrx_word' id='word_1_82' title='bbox 75 1153 194 1218; x_wconf 63' lang='lat' dir='ltr'>ducerem</span> <span class='ocrx_word' id='word_1_83' title='bbox 214 1153 240 1210; x_wconf 89' lang='lat' dir='ltr'>id</span> <span class='ocrx_word' id='word_1_84' title='bbox 258 1171 305 1210; x_wconf 84' lang='lat' dir='ltr'>vos</span> <span class='ocrx_word' id='word_1_85' title='bbox 321 1150 442 1229; x_wconf 77' lang='lat' dir='ltr'>sublegit</span> <span class='ocrx_word' id='word_1_86' title='bbox 455 1150 636 1226; x_wconf 79' lang='lat' dir='ltr'>superbiffimte</span> <span class='ocrx_word' id='word_1_87' title='bbox 650 1149 749 1212; x_wconf 79' lang='lat' dir='ltr'>rinouia</span> <span class='ocrx_word' id='word_1_88' title='bbox 762 1149 901 1226; x_wconf 77' lang='lat' dir='ltr'>conjicitis,</span> 
     </span>
    </p>
   </div>
   <div class='ocr_carea' id='block_1_3' title="bbox 34 1230 900 1457">
    <p class='ocr_par' dir='ltr' id='par_1_3' title="bbox 34 1230 900 1457">
     <span class='ocr_line' id='line_1_13' title="bbox 49 1230 900 1311; baseline -0.004 -19"><span class='ocrx_word' id='word_1_89' title='bbox 49 1289 52 1296; x_wconf 81' lang='grc'>,</span> <span class='ocrx_word' id='word_1_90' title='bbox 75 1236 128 1311; x_wconf 79' lang='lat' dir='ltr'>qui</span> <span class='ocrx_word' id='word_1_91' title='bbox 141 1235 269 1292; x_wconf 79' lang='lat' dir='ltr'>dirimatis</span> <span class='ocrx_word' id='word_1_92' title='bbox 283 1232 429 1291; x_wconf 87' lang='lat' dir='ltr'>societatem</span> <span class='ocrx_word' id='word_1_93' title='bbox 444 1231 556 1298; x_wconf 87' lang='lat' dir='ltr'>civilem,</span> <span class='ocrx_word' id='word_1_94' title='bbox 574 1230 683 1310; x_wconf 78' lang='lat' dir='ltr'>duasque</span> <span class='ocrx_word' id='word_1_95' title='bbox 696 1251 728 1290; x_wconf 82' lang='lat' dir='ltr'>ex</span> <span class='ocrx_word' id='word_1_96' title='bbox 747 1232 799 1291; x_wconf 76' lang='lat' dir='ltr'>uni</span> <span class='ocrx_word' id='word_1_97' title='bbox 810 1233 900 1290; x_wconf 83' lang='lat' dir='ltr'>eivita-</span> 
     </span>
     <span class='ocr_line' id='line_1_14' title="bbox 34 1312 900 1392; baseline -0.002 -20"><span class='ocrx_word' id='word_1_98' title='bbox 34 1378 39 1384; x_wconf 58' lang='grc'><strong>,</strong></span> <span class='ocrx_word' id='word_1_99' title='bbox 74 1330 103 1372; x_wconf 88' lang='lat' dir='ltr'>te</span> <span class='ocrx_word' id='word_1_100' title='bbox 122 1315 230 1374; x_wconf 79' lang='lat' dir='ltr'>faciatis.</span> <span class='ocrx_word' id='word_1_101' title='bbox 269 1317 325 1372; x_wconf 83' lang='lat' dir='ltr'>Cur</span> <span class='ocrx_word' id='word_1_102' title='bbox 336 1331 391 1375; x_wconf 85' lang='lat' dir='ltr'>nort</span> <span class='ocrx_word' id='word_1_103' title='bbox 405 1313 513 1378; x_wconf 76' lang='lat' dir='ltr'>uuc&#39;itis,</span> <span class='ocrx_word' id='word_1_104' title='bbox 524 1333 558 1373; x_wconf 87' lang='lat' dir='ltr'>ue</span> <span class='ocrx_word' id='word_1_105' title='bbox 571 1314 671 1378; x_wconf 77' lang='lat' dir='ltr'>ricinus</span> <span class='ocrx_word' id='word_1_106' title='bbox 685 1315 791 1390; x_wconf 84' lang='lat' dir='ltr'>patricio</span> <span class='ocrx_word' id='word_1_107' title='bbox 804 1315 834 1372; x_wconf 87' lang='lat' dir='ltr'>srt</span> <span class='ocrx_word' id='word_1_108' title='bbox 848 1312 900 1392; x_wconf 87' lang='lat' dir='ltr'>ple·</span> 
     </span>
     <span class='ocr_line' id='line_1_15' title="bbox 75 1395 899 1457; baseline -0.004 -3"><span class='ocrx_word' id='word_1_109' title='bbox 75 1396 166 1457; x_wconf 79' lang='lat' dir='ltr'>beiut?</span> <span class='ocrx_word' id='word_1_110' title='bbox 184 1415 219 1452; x_wconf 88' lang='lat' dir='ltr'>ne</span> <span class='ocrx_word' id='word_1_111' title='bbox 234 1395 326 1454; x_wconf 86' lang='lat' dir='ltr'>eodem</span> <span class='ocrx_word' id='word_1_112' title='bbox 339 1395 496 1454; x_wconf 74' lang='lat' dir='ltr'>itinereeat?</span> <span class='ocrx_word' id='word_1_113' title='bbox 517 1413 552 1452; x_wconf 89' lang='lat' dir='ltr'>ne</span> <span class='ocrx_word' id='word_1_114' title='bbox 566 1395 634 1452; x_wconf 88' lang='lat' dir='ltr'>idem</span> <span class='ocrx_word' id='word_1_115' title='bbox 649 1397 799 1456; x_wconf 78' lang='lat' dir='ltr'>convivium</span> <span class='ocrx_word' id='word_1_116' title='bbox 814 1397 899 1454; x_wconf 72' lang='lat' dir='ltr'>ineat?</span> 
     </span>
    </p>
   </div>
   <div class='ocr_carea' id='block_1_4' title="bbox 73 1469 901 1641">
    <p class='ocr_par' dir='ltr' id='par_1_4' title="bbox 73 1469 901 1641">
     <span class='ocr_line' id='line_1_16' title="bbox 74 1469 901 1552; baseline -0.004 -16"><span class='ocrx_word' id='word_1_117' title='bbox 74 1496 109 1536; x_wconf 89' lang='lat' dir='ltr'>oe</span> <span class='ocrx_word' id='word_1_118' title='bbox 123 1480 150 1536; x_wconf 89' lang='lat' dir='ltr'>in</span> <span class='ocrx_word' id='word_1_119' title='bbox 169 1469 228 1534; x_wconf 82' lang='lat' dir='ltr'>foro</span> <span class='ocrx_word' id='word_1_120' title='bbox 245 1477 338 1536; x_wconf 85' lang='lat' dir='ltr'>eodem</span> <span class='ocrx_word' id='word_1_121' title='bbox 352 1475 487 1536; x_wconf 77' lang='lat' dir='ltr'>confiunt</span> <span class='ocrx_word' id='word_1_122' title='bbox 508 1475 577 1552; x_wconf 78' lang='lat' dir='ltr'>Quid</span> <span class='ocrx_word' id='word_1_123' title='bbox 591 1473 708 1533; x_wconf 79' lang='lat' dir='ltr'>enimin</span> <span class='ocrx_word' id='word_1_124' title='bbox 724 1495 751 1534; x_wconf 89' lang='lat' dir='ltr'>re</span> <span class='ocrx_word' id='word_1_125' title='bbox 763 1477 799 1536; x_wconf 85' lang='lat' dir='ltr'>est</span> <span class='ocrx_word' id='word_1_126' title='bbox 817 1476 901 1534; x_wconf 77' lang='lat' dir='ltr'>aliud?</span> 
     </span>
     <span class='ocr_line' id='line_1_17' title="bbox 73 1555 900 1641; baseline -0.004 -24"><span class='ocrx_word' id='word_1_127' title='bbox 73 1560 94 1617; x_wconf 87' lang='lat' dir='ltr'>fi</span> <span class='ocrx_word' id='word_1_128' title='bbox 114 1557 241 1636; x_wconf 81' lang='lat' dir='ltr'>plebeiam</span> <span class='ocrx_word' id='word_1_129' title='bbox 262 1558 382 1641; x_wconf 87' lang='lat' dir='ltr'>patricius</span> <span class='ocrx_word' id='word_1_130' title='bbox 392 1555 500 1623; x_wconf 78' lang='lat' dir='ltr'>duruerit,</span> <span class='ocrx_word' id='word_1_131' title='bbox 518 1557 538 1615; x_wconf 88' lang='lat' dir='ltr'>sr</span> <span class='ocrx_word' id='word_1_132' title='bbox 555 1557 686 1634; x_wconf 88' lang='lat' dir='ltr'>patriciam</span> <span class='ocrx_word' id='word_1_133' title='bbox 700 1556 819 1634; x_wconf 81' lang='lat' dir='ltr'>plebeius,</span> <span class='ocrx_word' id='word_1_134' title='bbox 838 1557 900 1635; x_wconf 87' lang='lat' dir='ltr'>quid</span> 
     </span>
    </p>
   </div>
   <div class='ocr_carea' id='block_1_5' title="bbox 17 1637 912 3327">
    <p class='ocr_par' dir='ltr' id='par_1_5' title="bbox 17 1637 912 3327">
     <span class='ocr_line' id='line_1_18' title="bbox 72 1637 899 1718; baseline -0.002 -22"><span class='ocrx_word' id='word_1_135' title='bbox 72 1640 141 1716; x_wconf 84' lang='lat' dir='ltr'>jutis</span> <span class='ocrx_word' id='word_1_136' title='bbox 156 1641 261 1698; x_wconf 89' lang='lat' dir='ltr'>tandem</span> <span class='ocrx_word' id='word_1_137' title='bbox 279 1645 411 1698; x_wconf 81' lang='lat' dir='ltr'>mutatur?</span> <span class='ocrx_word' id='word_1_138' title='bbox 433 1643 538 1718; x_wconf 87' lang='lat' dir='ltr'>Nempe</span> <span class='ocrx_word' id='word_1_139' title='bbox 548 1651 649 1716; x_wconf 84' lang='lat' dir='ltr'>patrem</span> <span class='ocrx_word' id='word_1_140' title='bbox 664 1637 802 1714; x_wconf 86' lang='lat' dir='ltr'>sequuntur</span> <span class='ocrx_word' id='word_1_141' title='bbox 815 1638 899 1697; x_wconf 83' lang='lat' dir='ltr'>liberi:</span> 
     </span>
     <span class='ocr_line' id='line_1_19' title="bbox 17 1721 899 1800; baseline 0 -22"><span class='ocrx_word' id='word_1_142' title='bbox 17 1791 18 1800; x_wconf 9' lang='grc' dir='ltr'>χ</span> <span class='ocrx_word' id='word_1_143' title='bbox 73 1739 136 1786; x_wconf 89' lang='lat' dir='ltr'>nec,</span> <span class='ocrx_word' id='word_1_144' title='bbox 154 1721 226 1798; x_wconf 88' lang='lat' dir='ltr'>quod</span> <span class='ocrx_word' id='word_1_145' title='bbox 247 1737 295 1778; x_wconf 87' lang='lat' dir='ltr'>nos</span> <span class='ocrx_word' id='word_1_146' title='bbox 313 1739 346 1779; x_wconf 81' lang='lat' dir='ltr'>ex</span> <span class='ocrx_word' id='word_1_147' title='bbox 363 1721 495 1778; x_wconf 88' lang='lat' dir='ltr'>connubio</span> <span class='ocrx_word' id='word_1_148' title='bbox 514 1721 739 1796; x_wconf 79' lang='lat' dir='ltr'>ressro‘petamus,</span> <span class='ocrx_word' id='word_1_149' title='bbox 759 1721 899 1797; x_wconf 84' lang='lat' dir='ltr'>quiequam</span> 
     </span>
     <span class='ocr_line' id='line_1_20' title="bbox 74 1801 898 1879; baseline 0 -19"><span class='ocrx_word' id='word_1_150' title='bbox 74 1804 123 1866; x_wconf 86' lang='lat' dir='ltr'>est,</span> <span class='ocrx_word' id='word_1_151' title='bbox 140 1815 309 1879; x_wconf 78' lang='lat' dir='ltr'>ptaeterquam</span> <span class='ocrx_word' id='word_1_152' title='bbox 323 1813 352 1860; x_wconf 86' lang='lat' dir='ltr'>ut</span> <span class='ocrx_word' id='word_1_153' title='bbox 365 1801 516 1864; x_wconf 89' lang='lat' dir='ltr'>hominum,</span> <span class='ocrx_word' id='word_1_154' title='bbox 527 1814 556 1859; x_wconf 93' lang='lat' dir='ltr'>ut</span> <span class='ocrx_word' id='word_1_155' title='bbox 569 1801 667 1857; x_wconf 84' lang='lat' dir='ltr'>civium</span> <span class='ocrx_word' id='word_1_156' title='bbox 683 1818 794 1858; x_wconf 86' lang='lat' dir='ltr'>numero</span> <span class='ocrx_word' id='word_1_157' title='bbox 806 1801 898 1860; x_wconf 83' lang='lat' dir='ltr'>fimus:</span> 
     </span>
     <span class='ocr_line' id='line_1_21' title="bbox 17 1880 899 1962; baseline 0 -20"><span class='ocrx_word' id='word_1_158' title='bbox 17 1911 18 1916; x_wconf 42' lang='lat'>¹</span> <span class='ocrx_word' id='word_1_159' title='bbox 74 1902 135 1948; x_wconf 88' lang='lat' dir='ltr'>uec,</span> <span class='ocrx_word' id='word_1_160' title='bbox 156 1883 322 1954; x_wconf 86' lang='lat' dir='ltr'>vos(uis1in</span> <span class='ocrx_word' id='word_1_161' title='bbox 338 1882 526 1943; x_wconf 82' lang='lat' dir='ltr'>contumeliam</span> <span class='ocrx_word' id='word_1_162' title='bbox 545 1881 775 1962; x_wconf 79' lang='lat' dir='ltr'>ignominiamque</span> <span class='ocrx_word' id='word_1_163' title='bbox 785 1880 899 1942; x_wconf 83' lang='lat' dir='ltr'>nostram</span> 
     </span>
     <span class='ocr_line' id='line_1_22' title="bbox 75 1953 901 2042; baseline -0.001 -20"><span class='ocrx_word' id='word_1_164' title='bbox 75 1979 173 2030; x_wconf 73' lang='lat' dir='ltr'>certare</span> <span class='ocrx_word' id='word_1_165' title='bbox 191 1963 281 2040; x_wconf 85' lang='lat' dir='ltr'>jurat)</span> <span class='ocrx_word' id='word_1_166' title='bbox 296 1965 366 2041; x_wconf 88' lang='lat' dir='ltr'>quod</span> <span class='ocrx_word' id='word_1_167' title='bbox 388 1964 555 2036; x_wconf 81' lang='lat' dir='ltr'>contendatis,</span> <span class='ocrx_word' id='word_1_168' title='bbox 572 1965 714 2042; x_wconf 77' lang='lat' dir='ltr'>quicquam</span> <span class='ocrx_word' id='word_1_169' title='bbox 736 1953 780 2021; x_wconf 84' lang='lat' dir='ltr'>est.</span> <span class='ocrx_word' id='word_1_170' title='bbox 818 1963 901 2038; x_wconf 80' lang='lat' dir='ltr'>Deni-</span> 
     </span>
     <span class='ocr_line' id='line_1_23' title="bbox 73 2045 902 2125; baseline -0.002 -21"><span class='ocrx_word' id='word_1_171' title='bbox 73 2065 138 2124; x_wconf 93' lang='lat' dir='ltr'>que,</span> <span class='ocrx_word' id='word_1_172' title='bbox 157 2061 250 2104; x_wconf 88' lang='lat' dir='ltr'>utrum.</span> <span class='ocrx_word' id='word_1_173' title='bbox 267 2047 371 2112; x_wconf 85' lang='lat' dir='ltr'>taudem</span> <span class='ocrx_word' id='word_1_174' title='bbox 392 2047 480 2125; x_wconf 83' lang='lat' dir='ltr'>popuii</span> <span class='ocrx_word' id='word_1_175' title='bbox 499 2049 623 2114; x_wconf 82' lang='lat' dir='ltr'>Romani,</span> <span class='ocrx_word' id='word_1_176' title='bbox 639 2065 672 2104; x_wconf 88' lang='lat' dir='ltr'>an</span> <span class='ocrx_word' id='word_1_177' title='bbox 695 2045 807 2116; x_wconf 73' lang='lat' dir='ltr'>uestrum</span> <span class='ocrx_word' id='word_1_178' title='bbox 828 2046 902 2116; x_wconf 81' lang='lat' dir='ltr'>sum·</span> 
     </span>
     <span class='ocr_line' id='line_1_24' title="bbox 75 2125 901 2208; baseline -0.005 -20"><span class='ocrx_word' id='word_1_179' title='bbox 75 2147 157 2188; x_wconf 87' lang='lat' dir='ltr'>mum</span> <span class='ocrx_word' id='word_1_180' title='bbox 171 2128 310 2205; x_wconf 84' lang='lat' dir='ltr'>imperium</span> <span class='ocrx_word' id='word_1_181' title='bbox 328 2130 381 2186; x_wconf 81' lang='lat' dir='ltr'>est?</span> <span class='ocrx_word' id='word_1_182' title='bbox 402 2129 517 2208; x_wconf 83' lang='lat' dir='ltr'>Regibus</span> <span class='ocrx_word' id='word_1_183' title='bbox 534 2130 747 2193; x_wconf 72' lang='lat' dir='ltr'>euadiinutrum</span> <span class='ocrx_word' id='word_1_184' title='bbox 766 2125 839 2186; x_wconf 83' lang='lat' dir='ltr'>vobis</span> <span class='ocrx_word' id='word_1_185' title='bbox 852 2127 901 2185; x_wconf 90' lang='lat' dir='ltr'>do·</span> 
     </span>
     <span class='ocr_line' id='line_1_25' title="bbox 75 2207 901 2288; baseline 0 -22"><span class='ocrx_word' id='word_1_186' title='bbox 75 2209 197 2272; x_wconf 85' lang='lat' dir='ltr'>minatio,</span> <span class='ocrx_word' id='word_1_187' title='bbox 217 2229 249 2266; x_wconf 87' lang='lat' dir='ltr'>an</span> <span class='ocrx_word' id='word_1_188' title='bbox 262 2209 385 2268; x_wconf 87' lang='lat' dir='ltr'>omnibus</span> <span class='ocrx_word' id='word_1_189' title='bbox 395 2227 467 2288; x_wconf 74' lang='lat' dir='ltr'>aequa</span> <span class='ocrx_word' id='word_1_190' title='bbox 478 2207 576 2268; x_wconf 84' lang='lat' dir='ltr'>libertas</span> <span class='ocrx_word' id='word_1_191' title='bbox 585 2222 657 2287; x_wconf 82' lang='lat' dir='ltr'>parta</span> <span class='ocrx_word' id='word_1_192' title='bbox 670 2211 723 2268; x_wconf 82' lang='lat' dir='ltr'>esti</span> <span class='ocrx_word' id='word_1_193' title='bbox 742 2214 854 2286; x_wconf 77' lang='lat' dir='ltr'>Oportet</span> <span class='ocrx_word' id='word_1_194' title='bbox 871 2209 901 2266; x_wconf 91' lang='lat' dir='ltr'>li·</span> 
     </span>
     <span class='ocr_line' id='line_1_26' title="bbox 76 2289 912 2370; baseline 0.002 -22"><span class='ocrx_word' id='word_1_195' title='bbox 76 2307 137 2348; x_wconf 85' lang='lat' dir='ltr'>cere</span> <span class='ocrx_word' id='word_1_196' title='bbox 156 2289 253 2366; x_wconf 83' lang='lat' dir='ltr'>populo</span> <span class='ocrx_word' id='word_1_197' title='bbox 274 2291 409 2358; x_wconf 86' lang='lat' dir='ltr'>Romano,</span> <span class='ocrx_word' id='word_1_198' title='bbox 435 2292 455 2350; x_wconf 86' lang='lat' dir='ltr'>sr</span> <span class='ocrx_word' id='word_1_199' title='bbox 477 2291 547 2352; x_wconf 82' lang='lat' dir='ltr'>velit,</span> <span class='ocrx_word' id='word_1_200' title='bbox 570 2290 661 2366; x_wconf 84' lang='lat' dir='ltr'>jubere</span> <span class='ocrx_word' id='word_1_201' title='bbox 678 2289 784 2370; x_wconf 84' lang='lat' dir='ltr'>legem:</span> <span class='ocrx_word' id='word_1_202' title='bbox 806 2309 848 2355; x_wconf 90' lang='lat' dir='ltr'>an,</span> <span class='ocrx_word' id='word_1_203' title='bbox 870 2305 912 2350; x_wconf 88' lang='lat' dir='ltr'>ut.</span> 
     </span>
     <span class='ocr_line' id='line_1_27' title="bbox 75 2368 899 2452; baseline 0.001 -25"><span class='ocrx_word' id='word_1_204' title='bbox 75 2389 187 2447; x_wconf 87' lang='lat' dir='ltr'>quaeque</span> <span class='ocrx_word' id='word_1_205' title='bbox 199 2372 300 2448; x_wconf 85' lang='lat' dir='ltr'>rogatio</span> <span class='ocrx_word' id='word_1_206' title='bbox 311 2371 477 2452; x_wconf 74' lang='lat' dir='ltr'>promulgata</span> <span class='ocrx_word' id='word_1_207' title='bbox 488 2373 546 2434; x_wconf 89' lang='lat' dir='ltr'>erit,</span> <span class='ocrx_word' id='word_1_208' title='bbox 565 2389 613 2428; x_wconf 87' lang='lat' dir='ltr'>ros</span> <span class='ocrx_word' id='word_1_209' title='bbox 630 2368 759 2430; x_wconf 69' lang='lat' dir='ltr'>deledbum</span> <span class='ocrx_word' id='word_1_210' title='bbox 777 2387 825 2448; x_wconf 90' lang='lat' dir='ltr'>pro</span> <span class='ocrx_word' id='word_1_211' title='bbox 839 2389 899 2447; x_wconf 86' lang='lat' dir='ltr'>poe·</span> 
     </span>
     <span class='ocr_line' id='line_1_28' title="bbox 75 2451 898 2532; baseline 0.002 -24"><span class='ocrx_word' id='word_1_212' title='bbox 75 2453 111 2508; x_wconf 74' lang='lat' dir='ltr'>nd</span> <span class='ocrx_word' id='word_1_213' title='bbox 131 2453 292 2510; x_wconf 65' lang='lat' dir='ltr'>decernetis:</span> <span class='ocrx_word' id='word_1_214' title='bbox 314 2458 352 2518; x_wconf 74' lang='lat' dir='ltr'>br,</span> <span class='ocrx_word' id='word_1_215' title='bbox 369 2452 446 2512; x_wconf 79' lang='lat' dir='ltr'>simul</span> <span class='ocrx_word' id='word_1_216' title='bbox 463 2472 514 2532; x_wconf 84' lang='lat' dir='ltr'>ego</span> <span class='ocrx_word' id='word_1_217' title='bbox 532 2451 647 2512; x_wconf 78' lang='lat' dir='ltr'>tribunus</span> <span class='ocrx_word' id='word_1_218' title='bbox 666 2469 758 2510; x_wconf 84' lang='lat' dir='ltr'>vocate</span> <span class='ocrx_word' id='word_1_219' title='bbox 775 2451 854 2510; x_wconf 86' lang='lat' dir='ltr'>tribus</span> <span class='ocrx_word' id='word_1_220' title='bbox 871 2453 898 2510; x_wconf 83' lang='lat' dir='ltr'>iu</span> 
     </span>
     <span class='ocr_line' id='line_1_29' title="bbox 75 2529 900 2610; baseline 0.002 -20"><span class='ocrx_word' id='word_1_221' title='bbox 75 2529 230 2609; x_wconf 80' lang='lat' dir='ltr'>suffragium</span> <span class='ocrx_word' id='word_1_222' title='bbox 243 2551 357 2610; x_wconf 80' lang='lat' dir='ltr'>coepero,</span> <span class='ocrx_word' id='word_1_223' title='bbox 377 2551 405 2594; x_wconf 88' lang='lat' dir='ltr'>tu</span> <span class='ocrx_word' id='word_1_224' title='bbox 416 2537 502 2594; x_wconf 86' lang='lat' dir='ltr'>statim</span> <span class='ocrx_word' id='word_1_225' title='bbox 518 2533 608 2593; x_wconf 90' lang='lat' dir='ltr'>consul</span> <span class='ocrx_word' id='word_1_226' title='bbox 618 2537 775 2592; x_wconf 83' lang='lat' dir='ltr'>sacramento</span> <span class='ocrx_word' id='word_1_227' title='bbox 785 2533 900 2610; x_wconf 69' lang='lat' dir='ltr'>juniores</span> 
     </span>
     <span class='ocr_line' id='line_1_30' title="bbox 76 2613 900 2691; baseline 0.002 -19"><span class='ocrx_word' id='word_1_228' title='bbox 76 2614 183 2691; x_wconf 67' lang='lat' dir='ltr'>adiges,</span> <span class='ocrx_word' id='word_1_229' title='bbox 194 2617 222 2672; x_wconf 77' lang='lat' dir='ltr'>br</span> <span class='ocrx_word' id='word_1_230' title='bbox 235 2617 262 2674; x_wconf 85' lang='lat' dir='ltr'>in</span> <span class='ocrx_word' id='word_1_231' title='bbox 282 2619 359 2674; x_wconf 84' lang='lat' dir='ltr'>castra</span> <span class='ocrx_word' id='word_1_232' title='bbox 371 2617 478 2676; x_wconf 84' lang='lat' dir='ltr'>educet?</span> <span class='ocrx_word' id='word_1_233' title='bbox 498 2621 526 2676; x_wconf 77' lang='grc' dir='ltr'>δι</span> <span class='ocrx_word' id='word_1_234' title='bbox 544 2615 679 2674; x_wconf 78' lang='lat' dir='ltr'>minaberis</span> <span class='ocrx_word' id='word_1_235' title='bbox 691 2614 766 2690; x_wconf 86' lang='lat' dir='ltr'>plebi,</span> <span class='ocrx_word' id='word_1_236' title='bbox 784 2613 900 2674; x_wconf 85' lang='lat' dir='ltr'>minabe-</span> 
     </span>
     <span class='ocr_line' id='line_1_31' title="bbox 75 2695 901 2775; baseline 0.007 -25"><span class='ocrx_word' id='word_1_237' title='bbox 75 2697 112 2752; x_wconf 83' lang='lat' dir='ltr'>ria</span> <span class='ocrx_word' id='word_1_238' title='bbox 128 2695 248 2754; x_wconf 78' lang='lat' dir='ltr'>tribuno?</span> <span class='ocrx_word' id='word_1_239' title='bbox 268 2697 346 2770; x_wconf 84' lang='lat' dir='ltr'>Quid,</span> <span class='ocrx_word' id='word_1_240' title='bbox 366 2699 462 2763; x_wconf 78' lang='lat' dir='ltr'>finon,</span> <span class='ocrx_word' id='word_1_241' title='bbox 479 2713 605 2775; x_wconf 88' lang='lat' dir='ltr'>quantum</span> <span class='ocrx_word' id='word_1_242' title='bbox 625 2699 677 2754; x_wconf 80' lang='lat' dir='ltr'>istae</span> <span class='ocrx_word' id='word_1_243' title='bbox 690 2699 769 2754; x_wconf 85' lang='lat' dir='ltr'>minae</span> <span class='ocrx_word' id='word_1_244' title='bbox 781 2695 901 2757; x_wconf 79' lang='lat' dir='ltr'>adversor</span> 
     </span>
     <span class='ocr_line' id='line_1_32' title="bbox 76 2768 901 2853; baseline 0.002 -21"><span class='ocrx_word' id='word_1_245' title='bbox 76 2773 156 2852; x_wconf 77' lang='lat' dir='ltr'>piebis</span> <span class='ocrx_word' id='word_1_246' title='bbox 171 2774 323 2834; x_wconf 84' lang='lat' dir='ltr'>consensum</span> <span class='ocrx_word' id='word_1_247' title='bbox 345 2779 463 2845; x_wconf 84' lang='lat' dir='ltr'>vtierent,</span> <span class='ocrx_word' id='word_1_248' title='bbox 481 2779 519 2838; x_wconf 79' lang='lat' dir='ltr'>bie</span> <span class='ocrx_word' id='word_1_249' title='bbox 532 2781 587 2853; x_wconf 80' lang='lat' dir='ltr'>jam</span> <span class='ocrx_word' id='word_1_250' title='bbox 600 2779 698 2853; x_wconf 80' lang='lat' dir='ltr'>experti</span> <span class='ocrx_word' id='word_1_251' title='bbox 711 2779 809 2837; x_wconf 72' lang='lat' dir='ltr'>edetis?</span> <span class='ocrx_word' id='word_1_252' title='bbox 829 2768 901 2836; x_wconf 86' lang='lat' dir='ltr'>Scili-</span> 
     </span>
     <span class='ocr_line' id='line_1_33' title="bbox 76 2856 901 2932; baseline 0 -18"><span class='ocrx_word' id='word_1_253' title='bbox 76 2867 127 2920; x_wconf 81' lang='lat' dir='ltr'>cet,</span> <span class='ocrx_word' id='word_1_254' title='bbox 149 2856 209 2932; x_wconf 87' lang='lat' dir='ltr'>quia</span> <span class='ocrx_word' id='word_1_255' title='bbox 228 2856 303 2915; x_wconf 82' lang='lat' dir='ltr'>nobis</span> <span class='ocrx_word' id='word_1_256' title='bbox 323 2859 468 2919; x_wconf 79' lang='lat' dir='ltr'>consultum</span> <span class='ocrx_word' id='word_1_257' title='bbox 482 2858 612 2924; x_wconf 84' lang='lat' dir='ltr'>volebatis,</span> <span class='ocrx_word' id='word_1_258' title='bbox 627 2860 766 2923; x_wconf 84' lang='lat' dir='ltr'>certamine</span> <span class='ocrx_word' id='word_1_259' title='bbox 780 2859 901 2918; x_wconf 75' lang='lat' dir='ltr'>abstinui·</span> 
     </span>
     <span class='ocr_line' id='line_1_34' title="bbox 77 2938 900 3018; baseline 0.002 -25"><span class='ocrx_word' id='word_1_260' title='bbox 77 2939 141 2994; x_wconf 77' lang='lat' dir='ltr'>stit?</span> <span class='ocrx_word' id='word_1_261' title='bbox 162 2955 194 2994; x_wconf 89' lang='lat' dir='ltr'>au</span> <span class='ocrx_word' id='word_1_262' title='bbox 210 2938 269 2996; x_wconf 87' lang='lat' dir='ltr'>ideo</span> <span class='ocrx_word' id='word_1_263' title='bbox 286 2957 340 2997; x_wconf 86' lang='lat' dir='ltr'>non</span> <span class='ocrx_word' id='word_1_264' title='bbox 359 2944 395 2999; x_wconf 89' lang='lat' dir='ltr'>est</span> <span class='ocrx_word' id='word_1_265' title='bbox 415 2942 580 3004; x_wconf 86' lang='lat' dir='ltr'>dimicatum,</span> <span class='ocrx_word' id='word_1_266' title='bbox 605 2941 676 3018; x_wconf 90' lang='lat' dir='ltr'>quod</span> <span class='ocrx_word' id='word_1_267' title='bbox 695 2959 753 3017; x_wconf 82' lang='lat' dir='ltr'>quar</span> <span class='ocrx_word' id='word_1_268' title='bbox 778 2957 837 3015; x_wconf 84' lang='lat' dir='ltr'>part</span> <span class='ocrx_word' id='word_1_269' title='bbox 856 2939 900 2996; x_wconf 85' lang='lat' dir='ltr'>fir-</span> 
     </span>
     <span class='ocr_line' id='line_1_35' title="bbox 77 3014 902 3092; baseline 0.005 -18"><span class='ocrx_word' id='word_1_270' title='bbox 77 3019 158 3079; x_wconf 87' lang='lat' dir='ltr'>mior,</span> <span class='ocrx_word' id='word_1_271' title='bbox 176 3020 266 3078; x_wconf 83' lang='lat' dir='ltr'>eadem</span> <span class='ocrx_word' id='word_1_272' title='bbox 287 3023 426 3080; x_wconf 86' lang='lat' dir='ltr'>modestior</span> <span class='ocrx_word' id='word_1_273' title='bbox 446 3023 514 3088; x_wconf 80' lang='lat' dir='ltr'>fuit?</span> <span class='ocrx_word' id='word_1_274' title='bbox 535 3025 593 3080; x_wconf 80' lang='lat' dir='ltr'>Ner</span> <span class='ocrx_word' id='word_1_275' title='bbox 612 3039 682 3081; x_wconf 87' lang='lat' dir='ltr'>nunc</span> <span class='ocrx_word' id='word_1_276' title='bbox 701 3023 748 3092; x_wconf 81' lang='lat' dir='ltr'>erit</span> <span class='ocrx_word' id='word_1_277' title='bbox 763 3014 902 3086; x_wconf 79' lang='lat' dir='ltr'>certamen,</span> 
     </span>
     <span class='ocr_line' id='line_1_36' title="bbox 75 3100 899 3178; baseline 0.011 -23"><span class='ocrx_word' id='word_1_278' title='bbox 75 3100 207 3174; x_wconf 73' lang='lat' dir='ltr'>Quirites:</span> <span class='ocrx_word' id='word_1_279' title='bbox 220 3103 330 3166; x_wconf 81' lang='lat' dir='ltr'>¹animus</span> <span class='ocrx_word' id='word_1_280' title='bbox 340 3105 437 3166; x_wconf 77' lang='lat' dir='ltr'>nestros</span> <span class='ocrx_word' id='word_1_281' title='bbox 448 3103 481 3162; x_wconf 82' lang='lat' dir='ltr'>ilii</span> <span class='ocrx_word' id='word_1_282' title='bbox 495 3103 627 3162; x_wconf 82' lang='lat' dir='ltr'>tentabunt</span> <span class='ocrx_word' id='word_1_283' title='bbox 640 3100 748 3178; x_wconf 82' lang='lat' dir='ltr'>semper.</span> <span class='ocrx_word' id='word_1_284' title='bbox 767 3103 832 3160; x_wconf 83' lang='lat' dir='ltr'>vires</span> <span class='ocrx_word' id='word_1_285' title='bbox 845 3119 899 3165; x_wconf 77' lang='lat' dir='ltr'>nou</span> 
     </span>
     <span class='ocr_line' id='line_1_37' title="bbox 77 3180 900 3268; baseline 0.001 -31"><span class='ocrx_word' id='word_1_286' title='bbox 77 3181 248 3258; x_wconf 77' lang='lat' dir='ltr'>experientur.</span> <span class='ocrx_word' id='word_1_287' title='bbox 286 3185 377 3262; x_wconf 86' lang='lat' dir='ltr'>ltaque</span> <span class='ocrx_word' id='word_1_288' title='bbox 389 3185 420 3244; x_wconf 90' lang='lat' dir='ltr'>ad</span> <span class='ocrx_word' id='word_1_289' title='bbox 434 3181 496 3244; x_wconf 79' lang='lat' dir='ltr'>belia</span> <span class='ocrx_word' id='word_1_290' title='bbox 510 3185 564 3251; x_wconf 80' lang='lat' dir='ltr'>ista,</span> <span class='ocrx_word' id='word_1_291' title='bbox 581 3182 627 3245; x_wconf 84' lang='lat' dir='ltr'>seu</span> <span class='ocrx_word' id='word_1_292' title='bbox 636 3180 900 3268; x_wconf 73' lang='lat' dir='ltr'>reraseufalsnsunt,</span> 
     </span>
     <span class='ocr_line' id='line_1_38' title="bbox 133 3278 901 3327; baseline 0.003 -9"><span class='ocrx_word' id='word_1_293' title='bbox 133 3319 137 3327; x_wconf 24' lang='grc' dir='ltr'><strong>Δ</strong></span> <span class='ocrx_word' id='word_1_294' title='bbox 834 3278 901 3320; x_wconf 84' lang='lat' dir='ltr'>con·</span> 
     </span>
    </p>
   </div>
   <div class='ocr_carea' id='block_1_6' title="bbox 0 0 1065 3640">
    <p class='ocr_par' dir='ltr' id='par_1_6' title="bbox 0 0 1065 3640">
     <span class='ocr_line' id='line_1_39' title="bbox 0 0 1065 3640; baseline 0 0"><span class='ocrx_word' id='word_1_295' title='bbox 0 0 1065 3640; x_wconf 95' lang='lat' dir='ltr'> </span> 
     </span>
    </p>
   </div>
  </div>
 </body>
</html>
