2116 3640
189 195 262 272 Ex
288 191 447 270 LlVIO
476 188 817 267 COLLECTAE.
854 175 912 272 'dr

94 321 204 400 pluentes
220 319 335 376 domum
354 317 386 374 ad
403 327 506 391 penates
523 312 661 372 redibatir:
689 331 759 373 nune
780 329 917 376 oneratum

95 403 184 461 velleir
198 399 309 459 fortunis
324 397 424 455 hostem
440 393 511 453 abire
521 395 610 452 finitis.
647 397 748 453 Haerete
766 397 837 454 affixi
856 415 920 456 eon·

95 481 223 546 clunibus,
243 485 271 540 du
285 482 312 537 in
328 479 389 550 snro
402 477 501 536 vivite:
521 476 632 554 sequitur
644 494 692 534 vot
712 477 842 536 neeesfitm
852 479 920 537 mili-

95 565 176 629 tandi,
197 579 278 638 quam
297 561 397 640 fugitis.
435 561 521 616 Grave
534 551 591 615 'erat
610 557 637 614 in
648 559 749 634 AEquua
769 563 798 618 du
812 557 919 620 volscos

94 641 242 722 profitiseie
262 635 323 700 ante
340 653 426 718 portae
437 639 475 698 ell
491 637 595 698 bellum.
634 641 666 706 si
677 640 801 698 indenun
815 639 923 717 pellitur.

95 730 152 803 jam
168 728 236 782 intra
255 724 356 780 moenie
374 723 430 786 erit,
449 725 477 778 δι
492 737 578 777 urcem
597 722 625 777 dt
638 720 796 798 Capitolium
810 721 921 790 scandet,

96 814 124 869 de
138 810 166 865 in
179 806 276 862 domna
288 805 379 872 restrae
393 820 439 860 aur
454 799 624 878 persequetur.
654 804 761 860 Biennio
775 800 834 862 unte
848 803 920 864 sena·

93 906 136 949 tus
147 886 280 946 deledtum
297 883 391 947 haberi,
403 888 430 943 dt
443 883 518 940 educi
531 884 672 939 exereitum
686 883 714 940 in
730 882 849 962 Algidum
865 887 920 964 jus·

95 972 143 1030 fit:
163 967 281 1026 sedemus
293 965 369 1024 domi
383 964 478 1023 defides
491 961 630 1020 mulierum
648 965 700 1022 ritu
715 961 860 1024 altercantes
878 969 924 1025 in·'

95 1067 135 1112 ter
158 1067 218 1114 nos,
235 1045 350 1122 presenti
368 1063 430 1122 paee
448 1044 507 1108 laeti,
535 1061 585 1102 nec
603 1059 732 1104 cernentes
748 1063 779 1104 ex
800 1047 857 1106 otio
876 1047 920 1108 illo

95 1133 167 1192 brevi
179 1127 313 1205 multiplex
322 1127 416 1186 bellum
430 1127 581 1186 reditumm.
602 1127 648 1186 Hir
663 1144 714 1206 ego
725 1129 835 1204 gratiora
847 1129 921 1189 didlu

94 1213 143 1273 alia
158 1213 208 1270 esse
227 1208 302 1268 seio:
323 1205 363 1268 sed
379 1227 423 1266 me
438 1227 494 1266 vera
511 1226 558 1284 pro
572 1209 649 1286 gentis
662 1205 743 1286 loqui,
764 1209 810 1267 ets1
826 1229 918 1272 meum

93 1295 232 1373 ingenium
251 1301 305 1348 non
327 1305 452 1350 monetet.
472 1286 601 1348 neeeffitaa
612 1289 693 1368 cogit.
732 1290 831 1350 Vellem
847 1297 919 1371 equi·

93 1378 159 1436 dem
176 1373 250 1432 vobis
260 1371 368 1450 placere,
384 1371 513 1443 Quirites:
532 1367 574 1427 sed
588 1368 672 1428 multd
689 1369 759 1430 malo
777 1391 825 1432 voe
838 1373 918 1434 salvor
977 1403 981 1412 ¹

95 1457 158 1522 effe.
176 1453 350 1531 qualicunque
368 1469 430 1530 erga
447 1470 492 1508 me
507 1452 599 1509 animo
618 1451 696 1509 futuri
716 1453 782 1512 eslie.
820 1457 919 1515 Naturi

93 1539 151 1598 hoe
168 1538 206 1596 ita
230 1547 413 1610 comparatum
436 1535 482 1598 esi,
508 1547 548 1596 ut,
572 1533 617 1612 qui
634 1533 701 1607 apud
723 1534 917 1598 multitudinem

93 1621 144 1679 sud
152 1617 229 1677 causi
239 1615 360 1692 loquitur,
377 1614 522 1692 gratiorem
533 1612 573 1677 fit,
594 1612 669 1688 'eujus
688 1631 763 1672 ment
775 1615 837 1673 nibil
855 1635 919 1693 pere·

93 1716 137 1760 ter
156 1697 290 1776 publicum
308 1693 590 1756 commodumvidet:
611 1689 658 1750 disr
676 1694 745 1753 sorte
760 1697 920 1757 assentatores

92 1781 225 1862 publicos,
244 1777 387 1853 plebieolat¹
399 1778 471 1838 illus,
487 1775 534 1851 qui
554 1791 668 1832 vosnec
687 1775 714 1832 in
726 1779 813 1842 armis,
833 1797 881 1837 nec
892 1781 920 1840 in

94 1865 155 1922 otiu
167 1861 220 1919 esse
229 1859 411 1923 finnnnvestrl
424 1875 471 1914 vos
487 1856 561 1913 censi
575 1856 678 1915 incitare
690 1861 718 1915 de
732 1856 858 1916 stimulare
871 1880 919 1937 pu·

94 1943 169 2005 tarle.
210 1941 349 2006 Comini,
375 1949 419 1998 aut
436 1938 529 1995 honori
547 1953 592 1996 eut
610 1939 717 2016 questui
734 1937 781 1997 illis
799 1941 870 1997 eliis:
891 1946 918 2001 de

94 2025 159 2103 quia
175 2023 203 2080 in
216 2023 354 2081 concordii
369 2021 490 2078 ordinum
504 2017 585 2078 nullos
599 2017 624 2076 se
637 2015 745 2096 usquam
760 2019 810 2079 effe
823 2021 921 2098 rident.

94 2104 173 2166 mlx
187 2104 223 2162 rei
235 2102 272 2168 se,
288 2101 368 2181 quim
381 2101 482 2166 nullius,
499 2100 629 2159 turbatum
647 2119 677 2159 nc
689 2099 853 2169 seditionum,
872 2105 921 2162 du·

96 2205 142 2248 ω
154 2185 205 2243 effe
218 2183 318 2243 volunt.
356 2188 475 2258 Quarum
494 2199 579 2238 rerum
595 2182 614 2239 s1
632 2201 678 2240 vor
690 2184 797 2243 taedium
813 2185 919 2245 tandem

97 2285 191 2346 tepere
202 2267 294 2340 potest,
307 2270 337 2324 de
351 2279 455 2340 patrum
474 2261 616 2338 vestrosque
629 2263 750 2340 antiquus
767 2268 921 2338 mureeyul·

96 2352 132 2411 tir
144 2365 196 2424 pro
204 2346 246 2404 luia
258 2347 334 2404 nuria
345 2347 444 2404 sumere
452 2368 470 2403 τ,
481 2343 548 2402 nulla
556 2341 680 2421 supplicia
688 2345 785 2411 retuso,
797 2347 843 2405 nili
858 2368 935 2426 pem.

95 2434 136 2492 cie
150 2428 240 2488 diebus
254 2426 303 2484 hoe
319 2426 481 2504 pepulntorea
498 2443 620 2503 agrorum
638 2427 785 2484 nostrorum
801 2426 923 2488 msurfu-

95 2509 232 2593 guttasque
238 2509 439 2576 mllria‘eeueru,
459 2512 487 2567 δι
505 2505 520 2564 d
537 2509 620 2583 portia
636 2509 728 2566 nostris
740 2509 933 2588 moenibusque¹

97 2593 132 2653 ad
144 2591 249 2650 illorum
263 2589 343 2648 urbes.
353 2589 424 2649 hune
442 2588 502 2650 beli
511 2600 644 2674 tuentem,
663 2607 719 2669 qun
733 2609 782 2674 rue
798 2608 870 2652 nune
883 2606 923 2674 aeg

96 2672 259 2754 tan‘tieffin
277 2671 434 2756 transtulero.
693 2721 696 2728 .
