2054 3660
148 163 221 244 ²44
299 67 808 220 (lRATIONES

988 211 989 248 l

142 268 228 346 operti
239 267 329 344 stupris
342 261 391 324 suis
408 261 549 340 alienisque,
567 281 616 340 pro
624 264 751 342 pudicitid
770 265 912 346 conjugunt
928 285 955 326 ac
988 271 989 292 ¹

142 351 281 410 liberorum
302 349 441 405 vestrorum
464 344 531 402 ferro
548 345 704 404 decernent?
723 343 812 406 Minus
825 365 910 408 tamen
921 347 956 406 es·
988 341 989 344 ¹

114 465 124 494 r
143 433 190 499 set,
209 434 231 498 sr
249 429 359 510 flagitiis
367 443 471 487 tantum
487 423 643 486 effoeminati
661 424 757 493 forent,
780 429 914 506 (ipsorum
933 429 956 486 id

145 515 242 594 magni
253 531 286 570 er
296 523 365 587 parte
377 510 485 570 dedecus
495 512 565 584 emt)
578 510 593 568 l
606 508 761 570 facinoribus
776 529 877 577 manus,
889 529 957 570 rnen·

141 611 200 658 tem
219 597 235 655 el
253 591 382 652 fraudibus
399 591 581 652 abstinuissent.
619 593 764 669 Nunquam
784 589 887 652 tantum
906 611 956 650 ma·

143 681 200 738 ium
221 679 248 734 in
268 675 370 750 Repub.
389 673 449 738 fuit,
465 690 514 731 nec
530 673 561 732 ad
575 671 668 748 piures,
686 693 735 732 nec
753 675 785 734 ad
806 674 876 752 pluri
889 675 957 754 peni·
989 667 990 724 ἐ

143 780 218 820 nens.
235 757 365 834 Quicquid
380 755 420 814 hie
434 756 506 813 annis
517 754 626 821 libidine,
646 757 768 834 quicquid
783 755 880 821 fraude,
891 757 956 834 quic·
989 777 990 808 1

143 845 205 920 quid
217 839 304 898 sceiere
317 851 454 914 peccatum
467 839 512 900 eii,
531 856 562 894 ex
576 836 618 900 illo
632 856 687 896 uno
701 837 808 896 sacrario
819 837 909 898 scitote
919 857 956 896 or·

143 943 202 984 tum
215 924 273 981 esse.
313 920 436 979 Necdum
451 917 549 984 omnia,
566 919 593 976 in
606 939 664 996 quae
685 919 895 994 conjuraverunt,
911 921 956 977 cdi·

142 1025 169 1066 ta
186 1007 298 1064 facinora
317 1001 419 1060 habent.
438 1001 520 1058 adhuc
534 999 638 1076 privatis
656 1001 739 1058 noxiis
752 1003 832 1079 (quia
847 1003 954 1058 nondum

142 1091 174 1147 ad
191 1083 389 1160 Rempuhlitam
404 1083 601 1158 opprimendam
617 1081 674 1140 satir
691 1083 785 1140 virium
801 1085 856 1162 eii)
875 1084 956 1160 conju·

142 1173 210 1230 ratio
221 1167 270 1226 sese
282 1167 362 1244 impia
375 1179 453 1224 tenet.
492 1163 584 1240 Crescit
601 1160 635 1236 ό·
650 1165 724 1244 serpit
737 1166 844 1244 quetidie
858 1165 955 1228 mahta,

141 1259 197 1336 jam
210 1253 292 1330 majus
309 1249 348 1324 esi,
366 1245 448 1326 qulam
470 1259 502 1302 eet
515 1259 598 1323 capere
610 1245 637 1302 il
647 1248 750 1324 privata
763 1245 875 1323 fortuna
886 1250 954 1324 poffir:
990 1283 991 1298 ,

142 1335 174 1417 qd
187 1333 319 1392 summam
335 1327 444 1405 Reipub.
456 1325 562 1404 spediat.
602 1328 660 1386 Nifi
672 1329 829 1403 praecavetis,
846 1329 956 1405 Qriiter,

142 1418 199 1495 jam
213 1413 273 1473 huic
285 1413 381 1471 diurnae
395 1405 510 1489 legitime
521 1407 553 1466 ab
569 1407 671 1468 consule
684 1423 782 1468 vocatae
798 1429 846 1488 par
861 1410 956 1466 nodiur·

143 1520 177 1558 na
193 1496 285 1557 concio
304 1493 353 1551 eii'e
364 1493 466 1568 poterit.
507 1492 589 1549 Nunc
606 1489 639 1548 iili
656 1507 704 1547 vor
724 1491 818 1569 singuli
838 1490 956 1550 univorsos

115 1575 120 1632 t
137 1579 326 1642 -concionantes
345 1575 457 1632 timent:
476 1572 532 1647 jam
553 1571 596 1630 ubi
614 1591 662 1628 ror
682 1571 767 1650 dilapsi
785 1573 884 1631 domne
898 1573 955 1632 &in

142 1682 200 1720 rura
213 1661 294 1718 velita
306 1657 383 1720 eritis,
401 1655 436 1712 iili
449 1655 565 1719 coierint,
582 1653 752 1728 consultabunt
768 1655 799 1711 de
814 1652 872 1732 suri
883 1654 956 1728 salute

136 1744 216 1824 fimus
234 1761 264 1798 ac
282 1737 366 1814 vestras
381 1737 492 1816 pernicie.
517 1749 576 1797 turn
596 1734 700 1812 lingulis
713 1736 787 1793 vobin
808 1736 917 1793 universi
929 1735 955 1792 ti·

142 1826 232 1886 mendi
252 1837 335 1880 erunt.
375 1825 470 1894 Optare
484 1817 560 1896 igitur
576 1815 744 1894 unusquisque
756 1815 958 1880 resirirmdebet,

143 1925 174 1970 ut
193 1908 259 1964 bona
280 1899 420 1960 memsuis
440 1898 562 1956 omnibns
583 1897 678 1960 suerit:
698 1901 718 1956 fi
737 1917 816 1975 quem
840 1897 957 1962 iibido,ii

144 1994 216 2050 furor
236 1990 261 2043 in
281 1986 351 2040 iilum
376 1983 507 2060 gurgitem
535 1979 653 2056 abripuit,
675 1979 776 2044 iliorum
799 1999 876 2044 eum.
903 1997 956 2038 eum

34 2101 35 2106 κ
144 2070 236 2148 quibus
263 2067 289 2126 in
309 2081 390 2121 omne
409 2063 539 2139 flagitium
560 2065 587 2120 dc
606 2062 705 2120 facinus
728 2061 887 2136 conjuravit,
911 2080 957 2118 non

144 2153 221 2214 suum
240 2148 337 2225 judicet
349 2143 404 2203 esse.
445 2143 544 2221 Nequir
555 2142 635 2202 eriam
650 2161 732 2202 errore
742 2141 839 2200 labatur
851 2143 956 2202 vestrim

143 2251 258 2313 quoqne,
277 2247 330 2286 non
350 2227 407 2285 sunt
425 2221 534 2283 securus.
573 2223 643 2282 Nihil
652 2227 716 2282 enim
727 2225 752 2281 in
763 2225 870 2304 speeiem
885 2223 957 2302 falia

138 2321 199 2378 ,eius
209 2315 247 2391 ψ,
266 2309 348 2392 quim
357 2323 441 2387 prave
451 2307 541 2382 religio.
580 2307 627 2364 Ubi
639 2315 747 2365 Deorum
758 2325 850 2364 numne
863 2321 956 2384 preten-

146 2403 216 2462 ditur
222 2391 361 2474 sceleribus,
369 2389 441 2465 suble
452 2389 565 2446 animum
578 2389 662 2452 rimer,
680 2407 709 2444 ne
722 2385 859 2464 fraudibus
871 2387 955 2444 hune·

145 2483 185 2542 nis
198 2477 357 2538 vindicandis,
380 2471 458 2530 divini
470 2471 540 2551 juris
558 2468 654 2546 aliquid
669 2468 815 2526 immixtum
833 2469 956 2526 violemus.

144 2569 202 2623 liac
217 2579 264 2619 vos
276 2557 396 2635 religione
415 2548 605 2632 innumerabilia
625 2552 722 2608 decreta
741 2550 908 2625 pontificum,
926 2547 956 2605 se·

143 2637 338 2706 natusconsuita,
356 2633 499 2712 aruspicum
512 2631 620 2708 deniqne
633 2630 747 2709 responsa
757 2629 872 2692 liberant.
892 2635 956 2708 Qro·

90 2764 94 2770 .
144 2729 193 2790 1123
214 2724 264 2781 hoc
283 2734 385 2798 patrum
407 2733 566 2790 avorumque
581 2727 655 2771 aetate
674 2713 809 2791 negotium
828 2715 865 2772 esi
878 2711 955 2790 magi·

143 2807 259 2868 sitatibus
270 2802 369 2865 datum,
391 2812 421 2858 ut
431 2797 498 2860 sacra
514 2809 616 2854 externa
627 2795 680 2854 sieri
694 2807 819 2858 ¹vetarent,
836 2793 955 2853 sacrificu-

140 2891 230 2965 ,iosque
246 2883 361 2960 uatesque
380 2877 449 2944 foro,
466 2878 545 2940 circo.
564 2875 626 2934 urbe
644 2873 820 2954 prohiberent?
839 2876 955 2934 vaticinor

143 2970 220 3027 libror
241 2965 426 3040 conquirerent,
453 2958 705 3034 comburerentquei
724 2975 833 3016 omnem
853 2953 955 3031 discipli·

143 3066 205 3110 nam
222 3045 384 3108 sacrificandi,
404 3054 572 3120 praetmquam
586 3058 660 3098 more
672 3041 804 3103 Romano,
816 3039 954 3100 abolerent!

132 3127 302 3205 ‘Judieebent
314 3128 378 3186 enim
387 3123 562 3204 prudentiffiertst
570 3122 622 3182 viri
633 3122 709 3209 enanis
724 3121 803 3182 diuini
812 3121 954 3197 mii„

879 3199 953 3283 jurii,
