2076 3660
142 153 220 305 sn
245 225 404 310 [ιντο
429 229 770 332 cornuum.
800 229 872 318 189

51 352 143 416 nortia
161 349 230 410 mbae
243 369 301 412 nun
308 367 410 432 accepta
422 351 515 418 solum,
533 352 574 414 sed
587 355 665 413 etiam
679 355 811 430 expoliata
827 354 873 410 est.

50 435 113 490 Non
127 433 201 510 quod
218 451 270 512 ego
276 426 400 520 vulgari
394 433 493 494 facinus
491 449 552 520 ρετ
564 453 659 496 omnes
670 436 763 494 velim:
785 434 875 512 (equi-

49 515 106 572 dem
132 513 167 572 fi
176 527 264 570 toturn
282 510 423 574 exercitum
443 532 535 576 meum
556 533 670 575 mortem
693 515 759 576 mihi
760 515 874 601 optasse

49 595 190 661 tredestm
210 595 254 654 hic
276 598 361 660 statim
379 595 548 656 anteuenias
566 598 661 656 vestros
680 589 813 657 moreier:
832 615 875 652 nec

50 697 88 736 nrt
99 680 160 736 vita
166 679 276 756 juvaret
287 677 368 757 invisa
379 677 474 738 civibus
489 679 524 750 όν
536 681 654 738 militibus
664 679 738 752 meis)
750 679 790 737 sed
806 679 874 738 mul·

48 759 126 818 titudo
138 760 228 824 omnis,
230 756 322 835 ficut
317 773 414 818 natura
424 761 510 826 maris,
523 773 569 837 pn
575 763 607 838 se
618 760 728 820 immobil
716 762 795 836 lisejl,
811 779 875 818 ven·

50 843 69 899 ti
88 847 116 900 bt
139 859 210 898 auras
229 842 318 904 cient·
341 839 376 899 ire
399 855 445 900 eut
449 841 628 940 tranquillum
651 856 695 902 aut
709 841 854 922 procellat
845 859 874 900 tn

49 913 122 980 robis
140 921 221 980 sunt:
237 923 404 1016 stupentque
418 925 483 998 origo
500 927 578 982 ansuis
587 921 688 1000 fetosis
707 937 786 1001 penes
792 926 875 982 auno-

47 1026 84 1063 res
99 1005 156 1078 est.-
179 1023 224 1062 vos
242 1006 396 1080 contagione
393 1005 525 1082 infaustis,
564 1006 636 1080 Quin
656 1003 723 1064 inibi
745 1023 778 1064 ue
798 1006 875 1063 bodie

47 1087 158 1178 quidem
181 1083 245 1144 scire
259 1085 391 1153 videmini,
407 1105 455 1164 qua
473 1089 585 1145 amentia
597 1085 791 1168 progreffifitis:
810 1083 875 1164 quid

47 1154 196 1229 facinoris
182 1162 221 1224 itt
227 1185 280 1230 rue,
297 1165 378 1242 quid'
370 1184 396 1224 m
409 1166 528 1245 patriam,
547 1153 710 1246 purentefipue
727 1187 758 1228 ae
777 1168 876 1236 liberos,

46 1249 136 1326 quid
126 1265 158 1306 m
180 1249 251 1305 Deos
269 1245 418 1309 sacramenti
436 1249 519 1314 testes,
537 1249 599 1326 quid
623 1249 739 1308 adversus
758 1248 878 1326 auspicia,

46 1331 92 1390 sub
104 1327 204 1407 quibus
217 1327 350 1393 militastis,
368 1329 430 1406 quid
444 1329 559 1388 adversus
575 1331 677 1389 morem
692 1330 788 1390 militiae
801 1331 876 1388 disci·

45 1413 202 1491 plinamque
215 1411 357 1485 majorum,
375 1411 436 1488 quid
455 1411 571 1469 adversus
585 1411 707 1469 summi
699 1413 800 1512 imperii
819 1431 876 1470 ma·

45 1496 171 1572 jestatem
185 1492 238 1550 ausr
251 1493 312 1550 fitis.
350 1495 391 1550 De
411 1491 532 1570 meipso
550 1507 643 1550 taceo:
664 1491 762 1551 temere
780 1494 876 1587 potius,

45 1578 130 1655 quam
144 1571 230 1648 avide,
249 1573 420 1632 credideritis
438 1575 547 1652 denique
560 1593 646 1652 egoi
629 1573 688 1639 iim,
706 1575 747 1650 cuj
750 1593 779 1630 us
736 1576 877 1666 Jinrpe·

46 1661 78 1714 sir
70 1643 188 1716 taedete
202 1655 344 1715 exereitum
357 1651 468 1712 minimi
482 1658 629 1713 mirandum
646 1655 687 1715 fit.
720 1654 801 1714 Patria
813 1655 877 1731 quid

46 1741 78 1796 de
99 1738 180 1796 robis
199 1751 333 1808 metuerat,
358 1755 448 1820 quam,
476 1755 538 1794 cum
564 1733 756 1798 Mandonio&
776 1735 875 1792 Indibili

46 1809 229 1882 conficiendo
247 1817 358 1913 confilia,
376 1817 536 1894 prodebatis?
555 1817 625 1892 Quid
646 1817 755 1893 populus
776 1821 877 1874 Roma·

46 1920 106 1966 nus,
129 1897 197 1966 edm
194 1891 349 1975 imperium
361 1899 473 1958 ablatum
485 1899 517 1958 ab
530 1897 638 1957 tribunis
647 1897 775 1998 suffiagi'o
788 1894 879 1972 populi

46 1985 162 2047 creatis,
173 1981 206 2049 ad
219 1979 338 2038 homines
349 1983 463 2056 privatos
473 1975 657 2039 detulistis?
630 1999 691 2040 cum
710 1999 743 2037 eo
756 1979 810 2056 ipso
822 1997 877 2035 non

47 2060 180 2130 contenti,
200 2063 219 2120 sr
210 2080 285 2138 ipro
302 2062 409 2130 tribunis
419 2061 474 2122 uos
490 2061 621 2134 haberetis,
638 2060 745 2119 fasces
737 2073 878 2137 tmperato·

46 2149 81 2206 tit
99 2145 180 2204 vestri
200 2144 232 2200 ad
252 2162 306 2208 eos,
324 2143 417 2221 quibus
440 2140 558 2208 servus,
563 2143 606 2202 tui
625 2145 785 2218 imperarent,
811 2160 884 2216 uun-n

46 2245 131 2306 quam
149 2225 243 2306 fimat,
262 2227 401 2283 Romanus
419 2223 548 2298 ,exercitus
563 2224 697 2285 detulistis.
736 2229 768 2284 ln
785 2239 878 2301 praeto·

45 2311 87 2368 rio
104 2307 270 2370 tetenderunt
285 2305 411 2366 Albius&
427 2304 529 2380 Artius:
549 2305 679 2365 clausum
694 2309 760 2387 apud
776 2326 822 2364 eos
835 2324 879 2364 ce·

47 2393 129 2458 cinit:
152 2389 262 2466 lignum
278 2387 311 2444 ab
330 2389 360 2446 iis
382 2388 492 2464 petitum
511 2388 566 2446 est:
586 2386 702 2450 sederunt
718 2393 744 2450 in
762 2384 883 2466 tiibunali,

47 2469 213 2550 proconsulis
228 2471 265 2549 Jt’.
276 2471 420 2544 Scipionis:
451 2469 662 2546 lieior'apparuit'
677 2491 684 2528 r
704 2472 880 2530 submovente

47 2573 82 2612 eo
100 2551 264 2616 incederunt,
283 2551 435 2616 insuescunt
451 2549 577 2609 securibus
589 2549 684 2628 prelati
696 2551 762 2610 sunt.
804 2550 881 2626 Lapi-

47 2635 95 2694 des
116 2633 213 2710 pluere,
233 2635 261 2692 dr
282 2633 392 2690 fulmina
410 2633 463 2710 jaci
477 2633 510 2689 de
527 2633 605 2697 coelo,
627 2638 654 2691 δι
668 2633 779 2692 insuetos
798 2635 880 2690 foetus

48 2713 174 2782 mimalia
191 2713 272 2778 edere,
293 2731 341 2770 vos
360 2729 476 2788 portenta
489 2713 539 2770 esse
557 2713 672 2790 putatis:
693 2713 744 2774 hoc
762 2713 798 2770 est
818 2730 880 2788 ροτ·

46 2813 169 2860 tentum,
187 2795 256 2872 quod
277 2794 355 2853 nuliis¹
370 2795 467 2866 bestiis,
485 2793 560 2852 nuliis
577 2791 807 2872 supplicationibus,
827 2793 881 2850 fine

48 2879 204 3014 sangnineA
199 2895 301 2942 eorum,
320 2878 366 2953 qui
385 2889 487 2933 tantum
510 2875 609 2932 facinus
630 2875 681 2932 aust
702 2877 769 2939 sunt,
787 2875 882 2948 expiari

89 2959 204 3020 iiitd
206 2975 266 3034 tque
284 2976 344 3035 ego,
364 2961 524 3056 (quanquam
545 2956 640 3013 nutum
662 2957 738 3028 scelus
759 2959 879 3013 rationem

70 3039 144 3112 aba)
164 3055 261 3112 tumen
276 3052 306 3096 ut
326 3039 354 3094 in
376 3057 416 3100 re
421 3033 524 3101 nefaria,
543 3053 601 3113 quae
613 3053 697 3103 mens,
713 3039 783 3116 quod
797 3036 881 3092 confr

51 3120 120 3180 lium
144 3125 259 3188 vestrum
273 3117 366 3184 fuerit,¹
379 3116 442 3181 scite
462 3117 550 3176 velim.
592 3117 724 3196 Rhegium
746 3117 881 3213 quondam

53 3204 82 3264 iu
104 3203 255 3294 praefidum
275 3197 437 3296 midilegin
456 3185 598 3260 interfectis
591 3217 655 3304 ρετ
669 3200 747 3264 scelus
759 3199 882 3282 principi·

833 3278 882 3333 bus
